<record><leader>00000cas a22000007a 4500</leader><controlfield tag="001">20764580</controlfield><controlfield tag="008">891211d18801922mouwr ne      0    0eng d</controlfield><datafield ind1=" " ind2=" " tag="010"><subfield code="a">sn 89067610 </subfield></datafield><datafield ind1=" " ind2=" " tag="040"><subfield code="a">MQN</subfield><subfield code="b">eng</subfield><subfield code="c">MQN</subfield><subfield code="d">OCLCQ</subfield></datafield><datafield ind1=" " ind2=" " tag="042"><subfield code="a">msc</subfield></datafield><datafield ind1="0" ind2="0" tag="245"><subfield code="a">Miami weekly news.</subfield></datafield><datafield ind1=" " ind2=" " tag="260"><subfield code="a">Miami, Mo. :</subfield><subfield code="b">Gus Leftwich,</subfield><subfield code="c">-1922.</subfield></datafield><datafield ind1=" " ind2=" " tag="300"><subfield code="a">v.</subfield></datafield><datafield ind1=" " ind2=" " tag="310"><subfield code="a">Weekly</subfield></datafield><datafield ind1="1" ind2=" " tag="362"><subfield code="a">Began in 1880?</subfield></datafield><datafield ind1="0" ind2=" " tag="362"><subfield code="a">-v. 42, no. 13 (Dec. 22, 1922).</subfield></datafield><datafield ind1=" " ind2=" " tag="500"><subfield code="a">Publication moved to Slater, Mo. Mar. 3, 1921.</subfield></datafield><datafield ind1=" " ind2=" " tag="588"><subfield code="a">Description based on: Vol. 3, no. 1 (Oct. 26, 1882).</subfield></datafield><datafield ind1=" " ind2=" " tag="752"><subfield code="a">United States</subfield><subfield code="b">Missouri</subfield><subfield code="c">Saline</subfield><subfield code="d">Slater.</subfield></datafield><datafield ind1=" " ind2=" " tag="752"><subfield code="a">United States</subfield><subfield code="b">Missouri</subfield><subfield code="c">Saline</subfield><subfield code="d">Miami.</subfield></datafield><datafield ind1="0" ind2="5" tag="780"><subfield code="t">Miami democrat-news</subfield><subfield code="w">(DLC)sn 89067575</subfield></datafield><datafield ind1="0" ind2="4" tag="785"><subfield code="t">Slater news-rustler</subfield><subfield code="w">(DLC)sn 89067448</subfield></datafield></record>